@article{vector,
year={2005},
journal={Third European Conference on Web Services},
doi={0-7695-2484-2/05},
title={A Vector Space Search Engine for Web Services},
publisher={IEEE Computer Society},
author={Christian Platzer and Schahram Dustdar},
language={English}
}

