@article{context_aware,
author = {Truong, Hong Linh and Dustdar, Schahram},
title = {A survey on context aware web service systems},
journal = {International Journal of Web Information Systems},
volume = {5},
number = {1},
pages = {5-31},
year = {2009},
doi = {10.1108/17440080910947295}
}
@misc{web_arch_website,
  title = {Web Services Architecture - W3C},
  howpublished = {\url{http://www.w3.org/TR/2002/WD-ws-arch-20021114/}},
  note = {Accessed: 7th November, 2014}
}
@inproceedings{assign_algo,
  title={Automatic semantic web service discovery based on assignment algorithm},
  author={Peng, Yanbin and Wu, Chunming},
  booktitle={2010 2nd International Conference on Computer Engineering and Technology},
  volume={6},
  year={2010}
}
@article{vector,
year={2005},
journal={Third European Conference on Web Services},
doi={0-7695-2484-2/05},
title={A Vector Space Search Engine for Web Services},
publisher={IEEE Computer Society},
author={Christian Platzer and Schahram Dustdar},
language={English}
}
@inproceedings{advance_graph,
  title={Discovering semantic Web services via advanced graph-based matching},
  author={Cuzzocrea, Alfredo and Fisichella, Marco},
  booktitle={Systems, Man, and Cybernetics (SMC), 2011 IEEE International Conference on},
  pages={608--615},
  year={2011},
  organization={IEEE}
}
@article{nlp,
title = "Semantic Web service discovery using natural language processing techniques ",
journal = "Expert Systems with Applications ",
volume = "40",
number = "11",
pages = "4660 - 4671",
year = "2013",
note = "",
issn = "0957-4174",
doi = "http://dx.doi.org/10.1016/j.eswa.2013.02.011",
url = "http://www.sciencedirect.com/science/article/pii/S0957417413001279",
author = "Jordy Sangers and Flavius Frasincar and Frederik Hogenboom and Vadim Chepegin",
}
@article{automated,
  title={Automated retrieval of semantic web services: a matching based on conceptual indexation.},
  author={Fethallah, Hadjila and Chikh, Amine},
  journal={Int. Arab J. Inf. Technol.},
  volume={10},
  number={1},
  pages={61--66},
  year={2013}
}
@article{jcn,
  author    = {Jay J. Jiang and
               David W. Conrath},
  title     = {Semantic Similarity Based on Corpus Statistics and Lexical Taxonomy},
  journal   = {CoRR},
  volume    = {cmp-lg/9709008},
  year      = {1997},
  url       = {http://arxiv.org/abs/cmp-lg/9709008},
  timestamp = {Mon, 05 Dec 2011 18:05:31 +0100},
  biburl    = {http://dblp.uni-trier.de/rec/bib/journals/corr/cmp-lg-9709008},
  bibsource = {dblp computer science bibliography, http://dblp.org}
}
@article{wordnet,
  title={WordNet: a lexical database for English},
  author={Miller, George A},
  journal={Communications of the ACM},
  volume={38},
  number={11},
  pages={39--41},
  year={1995},
  publisher={ACM}
}
@INPROCEEDINGS{graph_search, 
author={Seog-Chan Oh and Byung-Won On and Larson, E.J. and Lee, D.}, 
booktitle={e-Technology, e-Commerce and e-Service, 2005. EEE '05. Proceedings. The 2005 IEEE International Conference on}, 
title={BF*: Web services discovery and composition as graph search problem}, 
year={2005}, 
month={March}, 
pages={784-786}, 
keywords={Internet;data structures;graph theory;search problems;A* algorithm;Bloom Filter;Web service composition;Web service discovery;competitive algorithm;data structure;graph search problem;search algorithm;Cities and towns;Data structures;Filters;Search problems;Simple object access protocol;Web services}, 
doi={10.1109/EEE.2005.41},}
@INPROCEEDINGS{graph_composition, 
author={Hashemian, S.V. and Mavaddat, F.}, 
booktitle={Applications and the Internet, 2005. Proceedings. The 2005 Symposium on}, 
title={A graph-based approach to Web services composition}, 
year={2005}, 
month={Jan}, 
pages={183-189}, 
keywords={Internet;specification languages;tree data structures;tree searching;Web services composition;graph structures;graph-based approach;interface automata;specification language;Automata;Computer science;Petri nets;Software design;Software standards;Software systems;Specification languages;Standards development;Unified modeling language;Web services}, 
doi={10.1109/SAINT.2005.4},}
